<record><leader>00000cas a2200000 a 4500</leader><controlfield tag="001">34740153</controlfield><controlfield tag="008">960516c19969999txudn n       0   a0eng c</controlfield><datafield ind1=" " ind2=" " tag="010"><subfield code="a">sn 96002204 </subfield></datafield><datafield ind1=" " ind2=" " tag="040"><subfield code="a">NSD</subfield><subfield code="b">eng</subfield><subfield code="c">NSD</subfield><subfield code="d">CNK</subfield><subfield code="d">NVF</subfield><subfield code="d">OCLCQ</subfield><subfield code="d">OCLCF</subfield><subfield code="d">OCLCO</subfield></datafield><datafield ind1=" " ind2=" " tag="012"><subfield code="m">1</subfield></datafield><datafield ind1=" " ind2=" " tag="019"><subfield code="a">34708740</subfield></datafield><datafield ind1="1" ind2=" " tag="022"><subfield code="a">1088-825X</subfield><subfield code="l">1088-825X</subfield><subfield code="2">1</subfield></datafield><datafield ind1="1" ind2=" " tag="029"><subfield code="a">AU@</subfield><subfield code="b">000012499827</subfield></datafield><datafield ind1=" " ind2=" " tag="032"><subfield code="a">031960</subfield><subfield code="b">USPS</subfield></datafield><datafield ind1=" " ind2=" " tag="042"><subfield code="a">nsdp</subfield><subfield code="a">pcc</subfield></datafield><datafield ind1=" " ind2="0" tag="222"><subfield code="a">Arlington morning news</subfield></datafield><datafield ind1="0" ind2="0" tag="245"><subfield code="a">Arlington morning news.</subfield></datafield><datafield ind1=" " ind2=" " tag="260"><subfield code="a">Arlington, Tex. :</subfield><subfield code="b">Arlington Morning News Co.,</subfield><subfield code="c">1996-</subfield></datafield><datafield ind1=" " ind2=" " tag="300"><subfield code="a">v.</subfield></datafield><datafield ind1=" " ind2=" " tag="310"><subfield code="a">Daily (Wednesday through Sunday)</subfield></datafield><datafield ind1="0" ind2=" " tag="362"><subfield code="a">Apr. 3, 1996-</subfield></datafield><datafield ind1=" " ind2=" " tag="515"><subfield code="a">Preceded by an extra, Apr. 1, 1996.</subfield></datafield><datafield ind1=" " ind2="0" tag="651"><subfield code="a">Arlington (Tex.)</subfield><subfield code="v">Newspapers.</subfield></datafield><datafield ind1=" " ind2="7" tag="655"><subfield code="a">Newspapers.</subfield><subfield code="2">fast</subfield><subfield code="0">(OCoLC)fst01423814</subfield></datafield><datafield ind1=" " ind2="7" tag="651"><subfield code="a">Texas</subfield><subfield code="z">Arlington.</subfield><subfield code="2">fast</subfield><subfield code="0">(OCoLC)fst01205299</subfield></datafield><datafield ind1=" " ind2=" " tag="752"><subfield code="a">United States</subfield><subfield code="b">Texas</subfield><subfield code="c">Tarrant</subfield><subfield code="d">Arlington.</subfield></datafield><datafield ind1="0" ind2="0" tag="780"><subfield code="t">Arlington news (Arlington, Tex. : 1989)</subfield><subfield code="x">1044-1174</subfield><subfield code="w">(DLC)sn 89006019</subfield></datafield></record>